<?xml version="1.0" encoding="UTF-8"?><collection xmlns="http://www.loc.gov/MARC21/slim"><record><leader>00384nam--2200157-i-4500</leader><controlfield tag="001">000041292</controlfield><controlfield tag="002">20161230</controlfield><controlfield tag="005">20161230201043</controlfield><controlfield tag="008">060222s1000------------r-----000-0-eng-d</controlfield><datafield ind1=" " ind2=" " tag="080"><subfield code="a">517(081)</subfield></datafield><datafield ind1=" " ind2=" " tag="100"><subfield code="a">Serre,J.P</subfield></datafield><datafield ind1=" " ind2=" " tag="245"><subfield code="a">Gesammelte abhandlungen</subfield></datafield><datafield ind1=" " ind2=" " tag="260"><subfield code="a">Berlin, Springer-verlag, 1968. Vi+650 P</subfield></datafield><datafield ind1=" " ind2=" " tag="490"><subfield code="v">Band 1</subfield></datafield><datafield ind1=" " ind2=" " tag="852"><subfield code="a">39828</subfield><subfield code="c">517</subfield></datafield><datafield ind1=" " ind2=" " tag="CAT"><subfield code="a">Sys</subfield><subfield code="c">20080620</subfield><subfield code="h">092152</subfield></datafield></record></collection>